@Online{tf:2018,
	author = {{Google Brain Team}},
	title = {{An open source machine learning framework for everyone}},
	url = {https://www.tensorflow.org/},
	year = {2018}
}

@online{JCommand55:online,
	author = {CÃ©dric Beust},
	title = {JCommander},
	url = {http://jcommander.org/},
	day = {17},
	month = {05},
	year = {2017},
	urldate = {2018-09-09}
}
